@article{allen1983maintaining,
  title={{Maintaining Knowledge About Temporal Intervals}},
  author={Allen, James F},
  journal={Communications of the ACM},
  volume={26},
  number={11},
  pages={832--843},
  year={1983},
  publisher={ACM}
}

@article{fernando2016regular,
  title={{On Regular Languages Over Power Sets}},
  author={Fernando, Tim},
  journal={Journal of Language Modelling},
  volume={4},
  number={1},
  pages={29--56},
  year={2016}
}

@article{fernando2016prior,
  title={{Prior and Temporal Sequences for Natural Language}},
  author={Fernando, Tim},
  journal={Synthese},
  volume={193},
  number={11},
  pages={3625--3637},
  year={2016},
  publisher={Springer Netherlands}
}

@inproceedings{pustejovsky2003timebank,
  title={{The TIMEBANK Corpus}},
  author={Pustejovsky, James and Hanks, Patrick and Sauri, Roser and See, Andrew and Gaizauskas, Robert and Setzer, Andrea and Radev, Dragomir and Sundheim, Beth and Day, David and Ferro, Lisa and others},
  booktitle={Corpus Linguistics},
  volume={2003},
  pages={647--656},
  year={2003},
  organization={Lancaster, UK}
}

@inproceedings{pustejovsky2010iso,
  title={{ISO-TimeML: An International Standard for Semantic Annotation}},
  author={Pustejovsky, James and Lee, Kiyong and Bunt, Harry and Romary, Laurent},
  booktitle={LREC},
  volume={10},
  pages={394--397},
  year={2010}
}

@misc{timeml2005timeml,
  title={{TimeML 1.2.1. A Formal Specification Language for Events and Temporal Expressions}},
  author={{TimeML Working Group}},
  year={2005},
  howpublished={\url{http://www.timeml.org/publications/timeMLdocs/timeml_1.2.1.html#tlink}},
  note={Accessed: 2017-07-12}
}

@incollection{fernando2015semantics,
  title={{The Semantics of Tense and Aspect: A Finite-State Perspective}},
  author={Fernando, Tim},
  editor={Lappin, Shallom and Fox, Chris},
  booktitle={{The Handbook of Contemporary Semantic Theory}},
  publisher={John Wiley \& Sons},
  year={2015},
  pages={203--236}
}

@article{setzer2005role,
  title={{The Role of Inference in the Temporal Annotation and Analysis of Text}},
  author={Setzer, Andrea and Gaizauskas, Robert and Hepple, Mark},
  journal={Language Resources and Evaluation},
  volume={39},
  number={2},
  pages={243--265},
  year={2005},
  publisher={Springer}
}
